<?xml version="1.0" encoding="UTF-8"?><record xmlns="http://www.loc.gov/MARC21/slim" xmlns:cinclude="http://apache.org/cocoon/include/1.0" xmlns:zs="http://www.loc.gov/zing/srw/">
  <leader>00478nz  a2200145n  4500</leader>
  <controlfield tag="001">n 2015070903</controlfield>
  <controlfield tag="003">DLC</controlfield>
  <controlfield tag="005">20151207174216.0</controlfield>
  <controlfield tag="008">151207n| azannaabn          |a aaa      </controlfield>
  <datafield tag="010" ind1=" " ind2=" ">
    <subfield code="a">n 2015070903</subfield>
  </datafield>
  <datafield tag="040" ind1=" " ind2=" ">
    <subfield code="a">DLC</subfield>
    <subfield code="b">eng</subfield>
    <subfield code="e">rda</subfield>
    <subfield code="c">DLC</subfield>
  </datafield>
  <datafield tag="046" ind1=" " ind2=" ">
    <subfield code="f">1981</subfield>
    <subfield code="2">edtf</subfield>
  </datafield>
  <datafield tag="100" ind1="1" ind2=" ">
    <subfield code="a">Levy-Hussen, Aida,</subfield>
    <subfield code="d">1981-</subfield>
  </datafield>
  <datafield tag="400" ind1="1" ind2=" ">
    <subfield code="a">Hussen, Aida Levy-,</subfield>
    <subfield code="d">1981-</subfield>
  </datafield>
  <datafield tag="670" ind1=" " ind2=" ">
    <subfield code="a">The psychic hold of slavery, 2016:</subfield>
    <subfield code="b">t.p. (edited by ... Aida Levy-Hussen) data view (b. 1981; English, University of Wisconsin, Madison)</subfield>
  </datafield>
</record>